<record xmlns="http://www.loc.gov/MARC21/slim" xmlns:xsi="http://www.w3.org/2001/XMLSchema-instance" xsi:schemaLocation="http://www.loc.gov/MARC21/slim http://www.loc.gov/standards/marcxml/schema/MARC21slim.xsd"><leader>     nam a22        4500</leader><controlfield tag="001">3068202</controlfield><controlfield tag="003">NNC</controlfield><controlfield tag="006">m        d        </controlfield><controlfield tag="007">cr cn |||m|||a</controlfield><controlfield tag="008">150601s1941    ii      o     000 0 araod</controlfield><datafield ind1=" " ind2=" " tag="040"><subfield code="a">NNU</subfield><subfield code="b">eng</subfield><subfield code="e">rda</subfield><subfield code="c">NNU</subfield></datafield><datafield ind1="0" ind2=" " tag="100"><subfield code="6">880-01</subfield><subfield code="a">Imru&#700; al-Qays,</subfield><subfield code="d">497-545.</subfield></datafield><datafield ind1="1" ind2="0" tag="240"><subfield code="6">880-02</subfield><subfield code="a">Mu&#699;allaqah</subfield></datafield><datafield ind1="1" ind2="0" tag="245"><subfield code="6">880-03</subfield><subfield code="a">Ah&#803;san al-sabk fi&#772; sharh&#803; Qifa&#772; nabki :</subfield><subfield code="b">a&#699;ni&#772; Mu&#699;allaqat Imru&#700; al-Qays ibn H&#803;ajar al-Kindi&#772; /</subfield><subfield code="c">qad i&#699;tana&#769; bi-tas&#803;ni&#772;fih Muh&#803;ammad Ya&#772;rjank Biha&#772;dar.</subfield></datafield><datafield ind1=" " ind2=" " tag="260"><subfield code="6">880-04</subfield><subfield code="a">H&#803;aydar A&#772;ba&#772;d al-Dakan :</subfield><subfield code="b">Da&#772;&#700;irat al-Ma&#699;a&#772;rif al-&#699;Uthma&#772;ni&#772;yah,</subfield><subfield code="c">[1941]</subfield></datafield><datafield ind1=" " ind2=" " tag="300"><subfield code="a">online resource (224 pages)</subfield></datafield><datafield ind1=" " ind2=" " tag="336"><subfield code="a">text</subfield><subfield code="2">rdacontent</subfield></datafield><datafield ind1=" " ind2=" " tag="337"><subfield code="a">computer</subfield><subfield code="2">rdamedia</subfield></datafield><datafield ind1=" " ind2=" " tag="338"><subfield code="a">online resource</subfield><subfield code="2">rdacarrier</subfield></datafield><datafield ind1=" " ind2=" " tag="500"><subfield code="a">Part of the Arabic Collections Online (ACO) project, contributed by Columbia University Libraries.</subfield></datafield><datafield ind1=" " ind2=" " tag="533"><subfield code="a">Electronic reproduction.</subfield><subfield code="b">New York, N.Y. :</subfield><subfield code="c">New York University,</subfield><subfield code="d">2015.</subfield><subfield code="5">NNU</subfield></datafield><datafield ind1="1" ind2=" " tag="700"><subfield code="6">880-05</subfield><subfield code="a">Biha&#772;dar, Muh&#803;ammad Ya&#772;rjank.</subfield></datafield><datafield ind1="2" ind2=" " tag="710"><subfield code="a">Columbia University.</subfield><subfield code="b">Libraries.</subfield></datafield><datafield ind1="0" ind2=" " tag="730"><subfield code="a">Arabic Collections Online.</subfield></datafield><datafield ind1="0" ind2="8" tag="776"><subfield code="i">Print version:</subfield><subfield code="a">Imru&#700; al-Qays, 497-545.</subfield><subfield code="t">Ah&#803;san al-sabk fi&#772; sharh&#803; Qifa&#772; nabki</subfield><subfield code="w">(NNC)3068202</subfield><subfield code="w">(OCoLC)40973190</subfield></datafield><datafield ind1="4" ind2="0" tag="856"><subfield code="u">http://hdl.handle.net/2333.1/n5tb2tsq</subfield></datafield><datafield ind1="0" ind2=" " tag="880"><subfield code="6">100-01/r</subfield><subfield code="a">&#1575;&#1605;&#1585;&#1572; &#1575;&#1604;&#1602;&#1610;&#1587;&#1548;</subfield><subfield code="d">497-545.</subfield></datafield><datafield ind1="1" ind2="0" tag="880"><subfield code="6">240-02/r</subfield><subfield code="a">&#1605;&#1593;&#1604;&#1602;&#1577;</subfield></datafield><datafield ind1="1" ind2="0" tag="880"><subfield code="6">245-03/r</subfield><subfield code="a">&#1575;&#1581;&#1587;&#1606; &#1575;&#1604;&#1587;&#1576;&#1603; &#1601;&#1610; &#1588;&#1585;&#1581; &#1602;&#1601;&#1575; &#1606;&#1576;&#1603; :</subfield><subfield code="b">&#1575;&#1593;&#1606;&#1610; &#1605;&#1593;&#1604;&#1602;&#1577; &#1575;&#1605;&#1585;&#1572; &#1575;&#1604;&#1602;&#1610;&#1587; &#1576;&#1606; &#1581;&#1580;&#1585; &#1575;&#1604;&#1603;&#1606;&#1583;&#1610; /</subfield><subfield code="c">&#1602;&#1583; &#1575;&#1593;&#1578;&#1606;&#1609; &#1576;&#1578;&#1589;&#1606;&#1610;&#1601;&#1607; &#1605;&#1581;&#1605;&#1583; &#1610;&#1575;&#1585;&#1580;&#1606;&#1603; &#1576;&#1607;&#1575;&#1583;&#1585;.</subfield></datafield><datafield ind1=" " ind2=" " tag="880"><subfield code="6">260-04/r</subfield><subfield code="a">&#1581;&#1610;&#1583;&#1585; &#1570;&#1576;&#1575;&#1583; &#1575;&#1604;&#1583;&#1603;&#1606; :</subfield><subfield code="b">&#1583;&#1575;&#1574;&#1585;&#1577; &#1575;&#1604;&#1605;&#1593;&#1575;&#1585;&#1601; &#1575;&#1604;&#1593;&#1579;&#1605;&#1575;&#1606;&#1610;&#1577;&#1548;</subfield><subfield code="c">[1941]</subfield></datafield><datafield ind1="1" ind2=" " tag="880"><subfield code="6">700-05/r</subfield><subfield code="a">&#1576;&#1607;&#1575;&#1583;&#1585;&#1548; &#1605;&#1581;&#1605;&#1583; &#1610;&#1575;&#1585;&#1580;&#1606;&#1603;.</subfield></datafield><datafield ind1=" " ind2=" " tag="959"><subfield code="a">NNU</subfield><subfield code="b">WEB</subfield><subfield code="c">GENI</subfield><subfield code="t">0</subfield><subfield code="m">Electronic access</subfield><subfield code="s">01</subfield></datafield><datafield ind1=" " ind2=" " tag="999"><subfield code="i">NNC_3068202</subfield><subfield code="o">(OCoLC)ocm40973190</subfield><subfield code="s">columbia_aco000521</subfield><subfield code="e">(ERROR-880)</subfield><subfield code="s">columbia_aco000521</subfield></datafield></record>